@article{zhu2008efficient,
  title={An efficient primal-dual hybrid gradient algorithm for total variation image restoration},
  author={Zhu, Mingqiang and Chan, Tony},
  journal={UCLA CAM Report},
  pages={08--34},
  year={2008}
}
@article{chambolle2004algorithm,
  title={An algorithm for total variation minimization and applications},
  author={Chambolle, Antonin},
  journal={Journal of Mathematical imaging and vision},
  volume={20},
  number={1},
  pages={89--97},
  year={2004},
  publisher={Springer}
}
@article{goldstein2009split,
  title={The split Bregman method for L1-regularized problems},
  author={Goldstein, Tom and Osher, Stanley},
  journal={SIAM Journal on Imaging Sciences},
  volume={2},
  number={2},
  pages={323--343},
  year={2009},
  publisher={SIAM}
}
@misc{goldsteinImplementation,
  title = {Split Bregman: project page},
  howpublished = {\url{http://tag7.web.rice.edu/Split_Bregman.html}},
  note = {Accessed: 02/25/2013}
}

@article{rudin1992nonlinear,
  title={Nonlinear total variation based noise removal algorithms},
  author={Rudin, Leonid I and Osher, Stanley and Fatemi, Emad},
  journal={Physica D: Nonlinear Phenomena},
  volume={60},
  number={1},
  pages={259--268},
  year={1992},
  publisher={Elsevier}
}

@misc{wikiTV,
  title = {Total Variation Denoising},
  howpublished = {\url{http://en.wikipedia.org/wiki/Total_variation_denoising}},
  note = {Accessed: 02/25/2013}
}

@article{perona1990scale,
  title={Scale-space and edge detection using anisotropic diffusion},
  author={Perona, Pietro and Malik, Jitendra},
  journal={Pattern Analysis and Machine Intelligence, IEEE Transactions on},
  volume={12},
  number={7},
  pages={629--639},
  year={1990},
  publisher={IEEE}
}

@misc{itkWeb,
  title = {Insight Segmentation and Registration Toolkit (ITK)},
  howpublished = {\url{http://itk.org/}},
  note = {Accessed: 02/25/2013}
}

@misc{opendTectWeb,
  title = {OpendTect Seismic Repository},
  howpublished = {\url{http://www.opendtect.org/index.php/share-seismic-data/osr.html}},
  note = {Accessed: 02/25/2013}
}




